../slides/2015_spring_updates.bib